@inproceedings{smola2007hilbert,
  title={A Hilbert space embedding for distributions},
  author={Smola, Alex and Gretton, Arthur and Song, Le and Sch{\"o}lkopf, Bernhard},
  booktitle={Algorithmic learning theory},
  pages={13--31},
  year={2007},
  organization={Springer}
}

@inproceedings{kanagawa2014monte,
  title={Monte Carlo Filtering Using Kernel Embedding of Distributions.},
  author={Kanagawa, Motonobu and Nishiyama, Yu and Gretton, Arthur and Fukumizu, Kenji},
  booktitle={AAAI},
  pages={1897--1903},
  year={2014}
}

@incollection{fukumizu2015nonparametric,
  title={Nonparametric Bayesian Inference with Kernel Mean Embedding},
  author={Fukumizu, Kenji},
  booktitle={Modern Methodology and Applications in Spatial-Temporal Modeling},
  pages={1--24},
  year={2015},
  publisher={Springer}
}

@book{scholkopf2002learning,
  title={Learning with kernels: support vector machines, regularization, optimization, and beyond},
  author={Sch{\"o}lkopf, Bernhard and Smola, Alexander J},
  year={2002},
  publisher={MIT press}
}

@inproceedings{sriperumbudur2009kernel,
  title={Kernel Choice and Classifiability for RKHS Embeddings of Probability Distributions.},
  author={Sriperumbudur, Bharath K and Fukumizu, Kenji and Gretton, Arthur and Lanckriet, Gert RG and Sch{\"o}lkopf, Bernhard},
  booktitle={NIPS},
  pages={1750--1758},
  year={2009}
}

@article{song2013kernel,
  title={Kernel embeddings of conditional distributions: A unified kernel framework for nonparametric inference in graphical models},
  author={Song, Le and Fukumizu, Kenji and Gretton, Arthur},
  journal={Signal Processing Magazine, IEEE},
  volume={30},
  number={4},
  pages={98--111},
  year={2013},
  publisher={IEEE}
}

@article{fukumizu2013kernel,
  title={Kernel Bayes' rule: Bayesian inference with positive definite kernels},
  author={Fukumizu, Kenji and Song, Le and Gretton, Arthur},
  journal={The Journal of Machine Learning Research},
  volume={14},
  number={1},
  pages={3753--3783},
  year={2013},
  publisher={JMLR. org}
}

@inproceedings{mccalman2013multi,
  title={Multi-modal estimation with kernel embeddings for learning motion models},
  author={McCalman, Lachlan and O'Callaghan, Simon and Ramos, Fabio},
  booktitle={Robotics and Automation (ICRA), 2013 IEEE International Conference on},
  pages={2845--2852},
  year={2013},
  organization={IEEE}
}

@inproceedings{fukumizu2011kernel,
  title={Kernel bayes' rule},
  author={Fukumizu, Kenji and Song, Le and Gretton, Arthur},
  booktitle={Advances in neural information processing systems},
  pages={1737--1745},
  year={2011}
}

@article{hofmann2008kernel,
  title={Kernel methods in machine learning},
  author={Hofmann, Thomas and Sch{\"o}lkopf, Bernhard and Smola, Alexander J},
  journal={The annals of statistics},
  pages={1171--1220},
  year={2008},
  publisher={JSTOR}
}

@inproceedings{song2009hilbert,
  title={Hilbert space embeddings of conditional distributions with applications to dynamical systems},
  author={Song, Le and Huang, Jonathan and Smola, Alex and Fukumizu, Kenji},
  booktitle={Proceedings of the 26th Annual International Conference on Machine Learning},
  pages={961--968},
  year={2009},
  organization={ACM}
}


